@book{ref1,
  title={Exploration of non-volatile magnetic memory for processor architecture},
  author={Sophiane Senni},
  volume={},
  year={2015},
  publisher={}
}


@article{muralimanohar2009cacti,
	title={CACTI 6.0: A tool to understand large caches},
	author={Muralimanohar, Naveen and Balasubramonian, Rajeev and Jouppi, Norman P},
	journal={University of Utah and Hewlett Packard Laboratories, Tech. Rep},
	volume={147},
	year={2009}
}

@book{ref1,
	title={The Cacti Manual},
	author={Ian Berry, Tony Roman, Larry Adams, J.P. Pasnak, Jimmy Conner, Reinhard Scheck, Andreas Braun},
	volume={},
	year={2017},
	publisher={The Cacti Group}
}


@book{ref1,
	title={The Cacti Manual},
	author={Ian Berry, Tony Roman, Larry Adams, J.P. Pasnak, Jimmy Conner, Reinhard Scheck, Andreas Braun},
	volume={},
	year={2017},
	publisher={The Cacti Group}
}


@article{rosenfeld2011dramsim2,
	title={DRAMSim2: A cycle accurate memory system simulator},
	author={Rosenfeld, Paul and Cooper-Balis, Elliott and Jacob, Bruce},
	journal={IEEE computer architecture letters},
	volume={10},
	number={1},
	pages={16--19},
	year={2011},
	publisher={IEEE}
}

@article{li2020dramsim3,
	title={DRAMsim3: A cycle-accurate, thermal-capable DRAM simulator},
	author={Li, Shang and Yang, Zhiyuan and Reddy, Dhiraj and Srivastava, Ankur and Jacob, Bruce},
	journal={IEEE Computer Architecture Letters},
	volume={19},
	number={2},
	pages={106--109},
	year={2020},
	publisher={IEEE}
}

@article{wang2005dramsim,
	title={Dramsim: a memory system simulator},
	author={Wang, David and Ganesh, Brinda and Tuaycharoen, Nuengwong and Baynes, Kathleen and Jaleel, Aamer and Jacob, Bruce},
	journal={ACM SIGARCH Computer Architecture News},
	volume={33},
	number={4},
	pages={100--107},
	year={2005},
	publisher={ACM New York, NY, USA}
}

@article{xia2017mnsim,
	title={MNSIM: Simulation platform for memristor-based neuromorphic computing system},
	author={Xia, Lixue and Li, Boxun and Tang, Tianqi and Gu, Peng and Chen, Pai-Yu and Yu, Shimeng and Cao, Yu and Wang, Yu and Xie, Yuan and Yang, Huazhong},
	journal={IEEE Transactions on Computer-Aided Design of Integrated Circuits and Systems},
	volume={37},
	number={5},
	pages={1009--1022},
	year={2017},
	publisher={IEEE}
}

@inproceedings{li2016nvsim,
	title={Nvsim-cam: a circuit-level simulator for emerging nonvolatile memory based content-addressable memory},
	author={Li, Shuangchen and Liu, Liu and Gu, Peng and Xu, Cong and Xie, Yuan},
	booktitle={2016 IEEE/ACM International Conference on Computer-Aided Design (ICCAD)},
	pages={1--7},
	year={2016},
	organization={IEEE}
}

