%1
@article{Capra2019,
	author = {Capra, M. and Peloso, R. and Masera, G. and Ruo Roch, M. and Martina, M.},
	title = {Edge Computing: A Survey On the Hardware Requirements in the Internet of Things World},
	journal = {Future Internet},
	volume = {11},
	number = {4},
	pages = {100},
	year = {2019},
	doi = {10.3390/fi11040100},
	url = {https://doi.org/10.3390/fi11040100}
}

%2
@article{ElHakim2018,
	author = {El Hakim, Ahmed},
	title = {Internet of things (IoT) system architecture and technologies},
	journal = {White Paper},
	volume = {10},
	year = {2018}
}

%3
@article{Paidimarri2017,
	author = {Paidimarri, A. and Chandrakasan, A. P.},
	title = {A Wide Dynamic Range Buck Converter With Sub-nW Quiescent Power},
	journal = {IEEE Journal of Solid-State Circuits},
	volume = {52},
	number = {12},
	pages = {3119-3131},
	year = {2017},
	doi = {10.1109/JSSC.2017.2747217}
}

%4
@inproceedings{Cheour2020,
	author = {Chéour, R. and Khriji, S. and abid, M. and Kanoun, O.},
	title = {Microcontrollers for IoT: Optimizations, Computing Paradigms, and Future Directions},
	booktitle = {2020 IEEE 6th World Forum on Internet of Things (WF-IoT)},
	pages = {1-7},
	year = {2020},
	doi = {10.1109/WF-IoT48130.2020.9221219}
}

%5
@misc{ST2020,
	title = {STM32L552RE},
	howpublished = {\url{https://www.st.com/content/st_com/en/products/microcontrollers-microprocessors/stm32-32-bit-arm-cortex-mcus/stm32-ultra-low-power-mcus/stm32l5-series/stm32l5x2/stm32l552re.html}},
	note = {Accessed: 2020-07-11}
}

%6
@book{Hennessy2017,
	author = {John L. Hennessy and David A. Patterson},
	title = {Computer Architecture, Sixth Edition: A Quantitative Approach},
	publisher = {Morgan Kaufmann Publishers Inc.},
	year = {2017},
	address = {San Francisco, CA, USA}
}

%7
@article{Taivalsaari2018,
	author = {Taivalsaari, A. and Mikkonen, T.},
	title = {A Taxonomy of IoT Client Architectures},
	journal = {IEEE Software},
	volume = {35},
	number = {3},
	pages = {83-88},
	year = {2018},
	doi = {10.1109/MS.2018.2141019}
}

%8
@inproceedings{Baldanzi2019,
	author = {Baldanzi, Luca and Crocetti, Luca and Di Matteo, Stefano and Fanucci, Luca and Saponara, Sergio and Hameau, Patrice},
	title = {Crypto accelerators for power-efficient and real-time on-chip implementation of secure algorithms},
	booktitle = {2019 26th IEEE International Conference on Electronics, Circuits and Systems (ICECS)},
	pages = {775-778},
	year = {2019},
	doi = {10.1109/ICECS46596.2019.8965010}
}

%9
@misc{TI2020a,
	title = {TPS783},
	howpublished = {\url{https://www.ti.com/product/TPS783}},
	note = {Accessed: 2020-07-11}
}

%10
@misc{TI2020b,
	title = {TPS62743},
	howpublished = {\url{https://www.ti.com/product/TPS62743}},
	note = {Accessed: 2020-07-11}
}

%11
@article{Mangal2019,
	author = {Mangal, V. and Kinget, P. R.},
	title = {Sub-nW Wake-Up Receivers With Gate-Biased Self-Mixers and Time-Encoded Signal Processing},
	journal = {IEEE Journal of Solid-State Circuits},
	volume = {54},
	number = {12},
	pages = {3513-3524},
	year = {2019},
	doi = {10.1109/JSSC.2019.2941010}
}

%12
@inproceedings{Kjellby2018,
	author = {Kjellby, R. A. and others},
	title = {Self-powered IoT Device based on Energy Harvesting for Remote Applications},
	booktitle = {2018 IEEE International Conference on Advanced Networks and Telecommunications Systems (ANTS)},
	pages = {1-4},
	year = {2018},
	doi = {10.1109/ANTS.2018.8710171}
}

%13
@article{Grossi2021,
	author = {Grossi, Marco},
	title = {Energy harvesting strategies for wireless sensor networks and mobile devices: a review},
	journal = {Electronics},
	volume = {10},
	number = {6},
	pages = {661},
	year = {2021}
}

%14
@article{Elahi2020,
	author = {Elahi, Hassan and Munir, Khushboo and Eugeni, Marco and Atek, Sofiane and Gaudenzi, Paolo},
	title = {Energy harvesting towards self-powered IoT devices},
	journal = {Energies},
	volume = {13},
	number = {21},
	pages = {5528},
	year = {2020}
}

%15
@article{Briones2019,
	author = {Briones, Bryan},
	title = {Wiley Encyclopedia of Electrical and Electronics Engineering},
	journal = {The Charleston Advisor},
	volume = {21},
	pages = {51-54},
	year = {2019},
	doi = {10.5260/chara.21.2.51}
}

%16
@article{Habibzadeh2017,
	author = {Habibzadeh, M. and Hassanalieragh, M. and Ishikawa, A. and Soyata, T. and Sharma, G.},
	title = {Hybrid Solar-Wind Energy Harvesting for Embedded Applications: Supercapacitor-Based System Architectures and Design Tradeoffs},
	journal = {IEEE Circuits and Systems Magazine},
	volume = {17},
	number = {4},
	pages = {29-63},
	year = {2017},
	doi = {10.1109/MCAS.2017.2757081}
}

%17
@article{Maamer2019,
	author = {Maamer, Bilel and Boughamoura, Ayda and Fath El-Bab, Ahmed MR and Francis, Laurent A. and Tounsi, Farès},
	title = {A review on design improvements and techniques for mechanical energy harvesting using piezoelectric and electromagnetic schemes},
	journal = {Energy Conversion and Management},
	volume = {199},
	pages = {111973},
	year = {2019}
}

%18
@incollection{Boisseau2012,
	author = {Boisseau, S. and Despesse, G. and Seddik, B. A.},
	title = {Electrostatic Conversion for Vibration Energy Harvesting},
	booktitle = {Small-Scale Energy Harvesting},
	year = {2012},
	publisher = {IntechOpen},
	address = {London, United Kingdom},
	doi = {10.5772/51360},
	url = {https://www.intechopen.com/chapters/40640}
}

%19
@article{Sezer2021,
	author = {Sezer, Nurettin and Koç, Muammer},
	title = {A comprehensive review on the state-of-the-art of piezoelectric energy harvesting},
	journal = {Nano Energy},
	volume = {80},
	pages = {105567},
	year = {2021}
}

%20
@article{Xin2019,
	author = {Xin, Yangyang and Zhou, Jian and Lubineau, Gilles},
	title = {A highly stretchable strain-insensitive temperature sensor exploits the Seebeck effect in nanoparticle-based printed circuits},
	journal = {Journal of Materials Chemistry A},
	volume = {7},
	number = {42},
	pages = {24493-24501},
	year = {2019}
}

%21
@article{Xia2019,
	author = {Xia, Chengshuo and Zhang, Daxing and Pedrycz, Witold and Fan, Kangqi and Guo, Yongxian},
	title = {Human Body Heat Based Thermoelectric Harvester with Ultra-Low Input Power Management System for Wireless Sensors Powering},
	journal = {Energies},
	volume = {12},
	number = {20},
	pages = {3942},
	year = {2019},
	doi = {10.3390/en12203942}
}

%22
@article{Jaziri2020,
	author = {Jaziri, Nesrine and Boughamoura, Ayda and Müller, Jens and Mezghani, Brahim and Tounsi, Fares and Ismail, Mohammed},
	title = {A comprehensive review of Thermoelectric Generators: Technologies and common applications},
	journal = {Energy Reports},
	volume = {6},
	pages = {264-287},
	year = {2020}
}

%23
@article{Saeed2018,
	author = {Saeed, Warda and Shoaib, Nosherwan and Cheema, Hammad and Khan, Muhammad Umar},
	title = {RF Energy Harvesting for Ubiquitous, Zero Power Wireless Sensors},
	journal = {International Journal of Antennas and Propagation},
	year = {2018},
	pages = {1-16},
	doi = {10.1155/2018/8903139}
}

%24
@incollection{Zungeru2012,
	author = {Zungeru, Adamu Murtala and Ang, Li-Minn and Prabaharan, S. R. S. and Seng, Kah Phooi},
	title = {Radio frequency energy harvesting and management for wireless sensor networks},
	booktitle = {Green mobile devices and networks: Energy optimization and scavenging techniques},
	chapter = {13},
	pages = {341-368},
	publisher = {CRC Press},
	address = {Boca Raton, FL, USA},
	year = {2012}
}

%25
@article{Choi2020,
	author = {Choi, K. W. and others},
	title = {Simultaneous Wireless Information and Power Transfer (SWIPT) for Internet of Things: Novel Receiver Design and Experimental Validation},
	journal = {IEEE Internet of Things Journal},
	volume = {7},
	number = {4},
	pages = {2996-3012},
	year = {2020},
	doi = {10.1109/JIOT.2020.2964302}
}

%26
@inproceedings{Liu2019,
	author = {Liu, X. and Yang, X. and Ma, D. and Jin, N. and Lai, X. and Tang, H.},
	title = {A Novel Simultaneous Wireless Information and Power Transfer System},
	booktitle = {2019 IEEE Wireless Power Transfer Conference (WPTC)},
	pages = {212-215},
	year = {2019},
	doi = {10.1109/WPTC45513.2019.9055559}
}

%27
@article{Perera2017,
	author = {Perera, Tharindu D. Ponnimbaduge and Jayakody, Dushantha Nalin K. and Sharma, Shree Krishna and Chatzinotas, Symeon and Li, Jun},
	title = {Simultaneous wireless information and power transfer (SWIPT): Recent advances and future challenges},
	journal = {IEEE Communications Surveys & Tutorials},
	volume = {20},
	number = {1},
	pages = {264-302},
	year = {2017}
}

%28
@book{Ng2019,
	editor = {Ng, Derrick Wing Kwan and Duong, Trung Q. and Zhong, Caijun and Schober, Robert},
	title = {Wireless information and power transfer: theory and practice},
	publisher = {John Wiley & Sons},
	year = {2019}
}

%29
@article{Eid2021,
	author = {Eid, A. and Hester, J.G.D. and Tentzeris, M.M.},
	title = {5G as a wireless power grid},
	journal = {Sci Rep},
	volume = {11},
	pages = {636},
	year = {2021},
	doi = {10.1038/s41598-020-79500-x}
}

%30
@book{Kanaujia2021,
	author = {Kanaujia, Binod Kumar and Singh, Neeta and Kumar, Sachin},
	title = {Rectenna: Wireless Energy Harvesting System},
	publisher = {Springer},
	year = {2021}
}

%31
@article{Shafique2018,
	author = {Shafique, K. and others},
	title = {Energy Harvesting Using a Low-Cost Rectenna for Internet of Things (IoT) Applications},
	journal = {IEEE Access},
	volume = {6},
	pages = {30932-30941},
	year = {2018},
	doi = {10.1109/ACCESS.2018.2834392}
}

%32
@article{Hoque2022,
	author = {Hoque, Muttahid U. and Kumar, Deepak and Audet, Yves and Savaria, Yvon},
	title = {Design and Analysis of a 35 GHz Rectenna System for Wireless Power Transfer to an Unmanned Air Vehicle},
	journal = {Energies},
	volume = {15},
	number = {1},
	pages = {320},
	year = {2022},
	doi = {10.3390/en15010320}
}

%33
@article{Prauzek2018,
	author = {Prauzek, Michal and Konecny, Jaromir and Borova, Monika and Janosova, Karolina and Hlavica, Jakub and Musilek, Petr},
	title = {Energy Harvesting Sources, Storage Devices and System Topologies for Environmental Wireless Sensor Networks: A Review},
	journal = {Sensors},
	volume = {18},
	number = {8},
	pages = {2446},
	year = {2018},
	doi = {10.3390/s18082446}
}

%34
@article{Deng2019,
	author = {Deng, F. and Yue, X. and Fan, X. and Guan, S. and Xu, Y. and Chen, J.},
	title = {Multisource Energy Harvesting System for a Wireless Sensor Network Node in the Field Environment},
	journal = {IEEE Internet of Things Journal},
	volume = {6},
	number = {1},
	pages = {918-927},
	year = {2019},
	doi = {10.1109/JIOT.2018.2865431}
}

%35
@misc{Analog2020a,
	title = {LTC3106},
	howpublished = {\url{https://www.analog.com/en/products/ltc3106.html}},
	note = {Accessed: 2020-07-11}
}

%36
@misc{Analog2020b,
	title = {LTC3331},
	howpublished = {\url{https://www.analog.com/en/products/ltc3331.html}},
	note = {Accessed: 2020-07-11}
}

%37
@misc{TI2020c,
	title = {BQ25570},
	howpublished = {\url{https://www.ti.com/product/BQ25570}},
	note = {Accessed: 2020-07-11}
}

%38
@misc{EPeas2020,
	title = {AEM40940},
	howpublished = {\url{https://e-peas.com/product/aem40940/}},
	note = {Accessed: 2020-07-11}
}
