@misc{PIMSimulator,
	author       = {{SAITPublic}},
	title        = {PIMSimulator},
	howpublished = {\url{https://github.com/SAITPublic/PIMSimulator}},
	note         = {Accessed: 2024-07-20}
}

@misc{SAIT,
	author       = {{Samsung Advanced Institute of Technology}},
	title        = {Samsung Advanced Institute of Technology},
	howpublished = {\url{https://www.sait.samsung.co.kr/}},
	note         = {Accessed: 2024-07-20}
}

@misc{DRAMSim2,
	author       = {{UMD Memsys}},
	title        = {DRAMSim2},
	howpublished = {\url{https://github.com/umd-memsys/DRAMSim2}},
	note         = {Accessed: 2024-07-20}
}