@book{Dubrova2008,
	author       = {Elena Dubrova},
	title        = {Fault-Tolerant Design},
	year         = {2008},
	publisher    = {Springer},
	address      = {Boston, MA},
	isbn         = {978-0-387-77997-9},
	doi          = {10.1007/978-0-387-77998-6},
	url          = {https://doi.org/10.1007/978-0-387-77998-6}
}
