% ref1
@article{wei2024conditional,
	title={Conditional variational transformer for bearing remaining useful life prediction},
	author={Wei, Yupeng and Wu, Dazhong},
	journal={Advanced Engineering Informatics},
	volume={59},
	pages={102247},
	year={2024},
	publisher={Elsevier}
}




% ref2
@inproceedings{lu2021gan,
	title={GAN-LSTM predictor for failure prognostics of rolling element bearings},
	author={Lu, Hao and Barzegar, Vahid and Nemani, Venkat P and Hu, Chao and Laflamme, Simon and Zimmerman, Andrew T},
	booktitle={2021 IEEE International Conference on Prognostics and Health Management (ICPHM)},
	pages={1--8},
	year={2021},
	organization={IEEE}
}




