@inproceedings{yang2020retransformer,
	title={ReTransformer: ReRAM-based processing-in-memory architecture for transformer acceleration},
	author={Yang, Xiaoxuan and Yan, Bonan and Li, Hai and Chen, Yiran},
	booktitle={Proceedings of the 39th International Conference on Computer-Aided Design},
	pages={1--9},
	year={2020}
}


@article{vaswani2017attention,
	title={Attention is all you need},
	author={Vaswani, Ashish and Shazeer, Noam and Parmar, Niki and Uszkoreit, Jakob and Jones, Llion and Gomez, Aidan N and Kaiser, {\L}ukasz and Polosukhin, Illia},
	journal={Advances in neural information processing systems},
	volume={30},
	year={2017}
}
