@inproceedings{giaccone2002towards,
	author    = {P. Giaccone and B. Prabhakar and D. Shah},
	title     = {Towards simple, high-performance schedulers for high-aggregate bandwidth switches},
	booktitle = {Proceedings of IEEE INFOCOM'02},
	location  = {New York},
	volume    = {3},
	pages     = {1160--1169},
	year      = {2002}
}

@article{giaccone2003randomized,
	author = {P. Giaccone and B. Prabhakar and D. Shah},
	title = {Randomized scheduling algorithms for high-aggregate bandwidth switches},
	journal = {IEEE Journal on Selected Areas in Communications},
	volume = {21},
	number = {4},
	pages = {546--559},
	month = {May},
	year = {2003}
}
