@misc{cat_dog_classification,
	title        = {Beginner-Friendly Project: Cat and Dog Classification using CNN},
	author       = {Analytics Vidhya},
	year         = {2021},
	url          = {\texttt{https://www.analyticsvidhya.com/blog/2021/06/beginner-friendly-project-cat-and-dog-classification-using-cnn/}},
	note         = {Accessed: 2025-01-23}
}



@misc{gpus_vs_fpgas,
	title        = {GPUs vs FPGAs: Which one is better in DL and Data Centers Applications?},
	author       = {InAccel},
	year         = {2020},
	url          = {\texttt{https://inaccel.medium.com/gpus-vs-fpgas-which-one-is-better-in-dl-and-data-centers-applications-9e54b20c3720}},
	note         = {Accessed: 2025-01-23}
}



@misc{convolutional_neural_network,
	title        = {Convolutional Neural Network},
	author       = {Wikipedia contributors},
	year         = {2025},
	url          = {\texttt{https://en.wikipedia.org/wiki/Convolutional_neural_network}},
	note         = {Accessed: 2025-01-23},
	howpublished = {\url{https://en.wikipedia.org/wiki/Convolutional_neural_network}}
}



