@inproceedings{aljazzar2009safety,
	title={Safety analysis of an airbag system using probabilistic FMEA and probabilistic counterexamples},
	author={Aljazzar, Husain and Fischer, Manuel and Grunske, Lars and Kuntz, Matthias and Leitner-Fischer, Florian and Leue, Stefan},
	booktitle={2009 Sixth International Conference on the Quantitative Evaluation of Systems},
	pages={299--308},
	year={2009},
	organization={IEEE}
}




@article{yang1997failure,
	title={Failure analysis for an airbag inflator by Petri nets},
	author={Yang, SK and Liu, TS},
	journal={Quality and reliability engineering international},
	volume={13},
	number={3},
	pages={139--151},
	year={1997},
	publisher={Wiley Online Library}
}


@article{nguyen2014mixed,
	title={Mixed-abstraction modeling approach with fault injection for hardware-firmware co-design and functional co-verification of an automotive airbag system on chip product},
	author={Nguyen, Thang and Wooters, S},
	journal={SAE Int. J. Passeng. Cars--Electron. Electr. Syst},
	volume={7},
	number={1},
	pages={125--132},
	year={2014}
}



@inproceedings{mon2004intelligent,
	title={Intelligent vehicle airbag controller design},
	author={Mon, Yi-Jen and Luo, Kuang-Tso},
	booktitle={IEEE Conference on Cybernetics and Intelligent Systems, 2004.},
	volume={2},
	pages={908--913},
	year={2004},
	organization={IEEE}
}



@inproceedings{yulong2013intelligent,
	title={Intelligent Algorithm Design of Airbag Based on Genetic Neural Network},
	author={Yulong, Wang and Zhonghao, Bai and Yuyun, Liu and Xuegui, Zhou},
	booktitle={2013 Fifth International Conference on Measuring Technology and Mechatronics Automation},
	pages={643--647},
	year={2013},
	organization={IEEE}
}


@article{aliy2024modeling,
	title={Modeling and Simulation of the Effect of Airbag Thickness on the Performance of Extended Handle Pneumatic Floor Jack},
	author={Aliy, Abduljebar Mahmud and Nallamothu, Ramesh Babu and Nasir, Abdulbasit},
	journal={Modelling and Simulation in Engineering},
	volume={2024},
	number={1},
	pages={6500007},
	year={2024},
	publisher={Wiley Online Library}
}



@misc{STAirbagSystem,
	author       = {STMicroelectronics},
	title        = {Airbag System},
	howpublished = {\url{https://www.st.com/en/applications/chassis-and-safety/airbag-system.html#overview}},
	note         = {Accessed: 2024-07-19}
}



@inproceedings{STM32SmartVest,
	author    = {Unknown},
	title     = {STM32-based Anti-fall Smart Vest System for the Elderly},
	booktitle = {Proceedings of the STM32 Conference},
	year      = {Year Unknown},
	address   = {Location Unknown},
}

@misc{FreescaleAirbagSolution,
	author       = {Freescale Semiconductor},
	title        = {Automotive Airbag Solution from Freescale},
	howpublished = {\url{https://www.slideshare.net/slideshow/automotive-airbag-solution-from-freescale/7341657}},
	note         = {Accessed: 2024-07-19}
}

@misc{EmbeddedSystemAutomobiles,
	author       = {Unknown},
	title        = {Embedded System in Automobiles},
	howpublished = {\url{https://www.slideshare.net/slideshow/embedded-system-in-automobiles/33472843}},
	note         = {Accessed: 2024-07-19}
}








@article{rozenberg1986petri,
	title={Petri nets: Basic notions, structure, behaviour},
	author={Rozenberg, Grzegorz and Thiagarajan, Pazhamaneri Subramaniam},
	journal={Current Trends in Concurrency: Overviews and Tutorials},
	pages={585--668},
	year={1986},
	publisher={Springer}
}


@article{cabasino2013introduction,
	title={Introduction to petri nets},
	author={Cabasino, Maria Paola and Giua, Alessandro and Seatzu, Carla},
	journal={Control of Discrete-Event Systems: Automata and Petri Net Perspectives},
	pages={191--211},
	year={2013},
	publisher={Springer}
}


@misc{coope2024modelling,
	author = {Sebastian Coope},
	title = {Modelling Based on Petri Nets},
	year = {2024},
	note = {Lecture 9, 10 - COMP 201},
	howpublished = {COMP 201 web-page: \url{http://www.csc.liv.ac.uk/~coopes/comp201}},
	institution = {University of Liverpool, Ashton Building, Room G.18},
	address = {Liverpool, UK},
	email = {coopes@liverpool.ac.uk}
}

@misc{herrmann_lin_petri_nets,
	author = {Jeffrey W. Herrmann and Edward Lin},
	title = {Petri Nets: Tutorial and Applications},
	year = {Year Unknown},
	howpublished = {CIM Lab, Institute for Systems Research, University of Maryland}
}

