@article{gupta2001packet,
	title={Packet classification on multiple fields},
	author={Gupta, Prashant and McKeown, Nick},
	journal={ACM SIGCOMM Computer Communication Review},
	volume={31},
	number={4},
	pages={147--160},
	year={2001},
	publisher={ACM}
}

@article{draves1999routing,
	title={Routing table compression},
	author={Draves, Richard P and King, Christopher and Venkatachary, Srinivasan and Zill, Brian D},
	journal={IEEE Transactions on Networking},
	volume={7},
	number={4},
	pages={511--526},
	year={1999},
	publisher={IEEE}
}

@article{lampson1998ip,
	title={IP address lookup using level compressed tries},
	author={Lampson, Butler W and Srinivasan, V Srinivasan and Varghese, George},
	journal={IEEE Transactions on Networking},
	volume={7},
	number={3},
	pages={337--347},
	year={1998},
	publisher={IEEE}
}

@inproceedings{degermark1997small,
	title={Small forwarding tables for fast routing lookups},
	author={Degermark, Mikael and Brodnik, Andrej and Carlsson, Svante and Pink, Stephen},
	booktitle={Proceedings of the ACM SIGCOMM Conference},
	pages={3--14},
	year={1997},
	organization={ACM}
}

@inproceedings{song2005survey,
	title={A survey of packet classification techniques},
	author={Song, Haoyu and Turner, Jonathan and Lockwood, John},
	booktitle={Washington University Technical Report},
	year={2005}
}

@article{varghese2002network,
	title={Network algorithmics: an interdisciplinary approach to designing fast networked devices},
	author={Varghese, George},
	journal={Morgan Kaufmann Publishers Inc.},
	volume={1},
	pages={199--237},
	year={2002}
}

@article{srinivasan1999fast,
	title={Fast IP lookups using controlled prefix expansion},
	author={Srinivasan, Vijay and Varghese, George},
	journal={ACM Transactions on Computer Systems (TOCS)},
	volume={17},
	number={1},
	pages={1--40},
	year={1999},
	publisher={ACM}
}

@article{gupta2003scaling,
	title={Scaling IP routers using distributed lookup and caching},
	author={Gupta, Ashok and Lin, Bo},
	journal={IEEE/ACM Transactions on Networking},
	volume={11},
	number={4},
	pages={520--532},
	year={2003},
	publisher={IEEE}
}

@book{hwang2004advanced,
	title={Advanced Computer Networking: Performance and Quality of Service},
	author={Hwang, Kai and Li, Cheng},
	publisher={McGraw-Hill Education},
	year={2004}
}

@article{cheung2005prefix,
	title={Prefix aggregation techniques for efficient IP routing table lookup},
	author={Cheung, Kang and Wang, Fei},
	journal={IEEE Transactions on Parallel and Distributed Systems},
	volume={16},
	number={9},
	pages={825--839},
	year={2005},
	publisher={IEEE}
}

@article{dong2015survey,
	title={A survey on high-performance data plane packet processing},
	author={Dong, Wei and Xu, Ke and Wang, Yi},
	journal={IEEE Network},
	volume={29},
	number={4},
	pages={61--67},
	year={2015},
	publisher={IEEE}
}
